<record><leader>00000cas a2200000 a 4500</leader><controlfield tag="001">8802258</controlfield><controlfield tag="008">820924d18551991cauwr ne      0   a0eng  </controlfield><datafield ind1=" " ind2=" " tag="010"><subfield code="a">sn 82014998 </subfield></datafield><datafield ind1=" " ind2=" " tag="040"><subfield code="a">DLC</subfield><subfield code="b">eng</subfield><subfield code="c">DLC</subfield><subfield code="d">ANU</subfield><subfield code="d">MGN</subfield><subfield code="d">CNK</subfield><subfield code="d">OCL</subfield><subfield code="d">CNK</subfield><subfield code="d">OCLCO</subfield><subfield code="d">OCLCQ</subfield><subfield code="d">OCLCF</subfield><subfield code="d">AQM</subfield></datafield><datafield ind1="1" ind2=" " tag="029"><subfield code="a">AU@</subfield><subfield code="b">000003323750</subfield></datafield><datafield ind1=" " ind2=" " tag="042"><subfield code="a">pcc</subfield></datafield><datafield ind1=" " ind2=" " tag="043"><subfield code="a">n-us-ca</subfield></datafield><datafield ind1="0" ind2="0" tag="050"><subfield code="a">Newspaper 7114-X</subfield></datafield><datafield ind1="0" ind2=" " tag="130"><subfield code="a">Placer herald (Auburn, Calif.)</subfield></datafield><datafield ind1="1" ind2="4" tag="245"><subfield code="a">The Placer herald.</subfield></datafield><datafield ind1="3" ind2=" " tag="246"><subfield code="a">Placer County herald</subfield></datafield><datafield ind1="3" ind2=" " tag="246"><subfield code="a">Rocklin Placer herald</subfield></datafield><datafield ind1="3" ind2=" " tag="246"><subfield code="a">South Placer herald</subfield></datafield><datafield ind1=" " ind2=" " tag="260"><subfield code="a">Auburn, Placer County, Calif. :</subfield><subfield code="b">T. Mitchell</subfield></datafield><datafield ind1=" " ind2=" " tag="300"><subfield code="a">v. :</subfield><subfield code="b">ill. (chiefly advertisements) ;</subfield><subfield code="c">60 cm.</subfield></datafield><datafield ind1=" " ind2=" " tag="310"><subfield code="a">Weekly</subfield></datafield><datafield ind1="0" ind2=" " tag="362"><subfield code="a">Vol. 4, no. 1 (Sept. 15, 1855)-v. 113, no. 71 (Feb. 12, 1965) ; 113th year, no. 72 (Feb. 19, 1965)-139th year, no. 40 (June 11, 1991).</subfield></datafield><datafield ind1=" " ind2=" " tag="500"><subfield code="a">Published with "County" above title, Nov. 13, 1963-Apr. 10, 1964; "Rocklin" above title, Mar. 12-Apr. 23, 1987; "South" above title, Apr. 30-July 23, 1987.</subfield></datafield><datafield ind1=" " ind2=" " tag="500"><subfield code="a">Publication moved to: Rocklin, Calif., July 13, 1966.</subfield></datafield><datafield ind1=" " ind2=" " tag="515"><subfield code="a">Issue for Sept. 5, 1968 numbered: vol. 95, no. 52.</subfield></datafield><datafield ind1=" " ind2=" " tag="530"><subfield code="a">Master negatives are available for duplication from:</subfield><subfield code="b">California Newspaper Microfilm Archive;</subfield><subfield code="c">positive copies may be purchased by the reel; for further information consult the CNMA at:</subfield><subfield code="u">http://cbsr.ucr.edu</subfield></datafield><datafield ind1=" " ind2="0" tag="651"><subfield code="a">Placer County (Calif.)</subfield><subfield code="v">Newspapers.</subfield></datafield><datafield ind1=" " ind2="7" tag="651"><subfield code="a">California</subfield><subfield code="z">Placer County.</subfield><subfield code="2">fast</subfield><subfield code="0">(OCoLC)fst01215713</subfield></datafield><datafield ind1=" " ind2="7" tag="655"><subfield code="a">Newspapers.</subfield><subfield code="2">fast</subfield><subfield code="0">(OCoLC)fst01423814</subfield></datafield><datafield ind1=" " ind2="7" tag="655"><subfield code="a">Newspapers.</subfield><subfield code="2">rbgenr</subfield></datafield><datafield ind1=" " ind2=" " tag="752"><subfield code="a">United States</subfield><subfield code="b">California</subfield><subfield code="c">Placer</subfield><subfield code="d">Rocklin.</subfield></datafield><datafield ind1=" " ind2=" " tag="752"><subfield code="a">United States</subfield><subfield code="b">California</subfield><subfield code="c">Placer</subfield><subfield code="d">Auburn.</subfield></datafield><datafield ind1="0" ind2=" " tag="775"><subfield code="t">Placer herald Placer representative news</subfield><subfield code="w">(DLC)sn 97069781</subfield></datafield><datafield ind1="0" ind2=" " tag="775"><subfield code="t">Placer County herald Placer representative news</subfield><subfield code="w">(DLC)sn 97069782</subfield></datafield><datafield ind1="0" ind2="0" tag="780"><subfield code="t">Weekly Placer herald</subfield><subfield code="w">(DLC)sn 93052117</subfield></datafield><datafield ind1="0" ind2="0" tag="785"><subfield code="t">Placer Rocklin herald</subfield><subfield code="w">(DLC)sn 93053292</subfield></datafield></record>